
@book{Wieringa2014,
  title={Design science methodology for information systems and software engineering},
  author={Wieringa, Roel J},
  year={2014},
  publisher={Springer}
}
@article{Gregor2013,
  title={Positioning and presenting design science research for maximum impact},
  author={Gregor, Shirley and Hevner, Alan R},
  journal={MIS quarterly},
  volume={37},
  number={2},
  year={2013}
}
    
@article{Tell2016,
  journal = {Proceedings of the 20th International Conference on Evaluation and Assessment in Software Engineering},
  title = {Beyond the Spreadsheet: Reflections on Tool Support for Literature Studies},
  author = {Paolo Tell and Jacob B Cholewa and Peter Nellemann and Marco Kuhrmann},
  year = {2016},
  pages = {22:1--22:5},
  doi = {10.1145/2915970.2916011},
  isbn = {978-1-4503-3691-8},
  url = {http://delivery.acm.org/10.1145/2920000/2916011/a22-tell.pdf?ip=158.227.113.28&id=2916011&acc=ACTIVE SERVICE&key=DD1EC5BCF38B3699.ED97154807A56C1E.4D4702B0C3E38B35.4D4702B0C3E38B35&CFID=942228396&CFTOKEN=94739453&__acm__=1496077037_1145560674446391b44b233}
}
@article{Al-Zubidy2017,
  journal = {Information and Software Technology},
  title = {Vision for SLR tooling infrastructure: Prioritizing value-added requirements},
  author = {Ahmed Al-Zubidy and Jeffrey C. Carver and David P. Hale and Edgar E. Hassler},
  year = {2017},
  month = {11},
  pages = {72--81},
  volume = {91},
  publisher = {Elsevier B.V.},
  doi = {10.1016/j.infsof.2017.06.007},
  issn = {09505849},
  isbn = {9781605582375}
}
@article{Ramezani2017,
  title = {Rapid Tagging and Reporting for Functional Language Extraction in Scientific Articles},
  author = {M. Ramezani and V. Kalivarapu and S. B. Gilbert and S. Huffman and E. Cotos and A. O'Conner},
  year = {2017}
}
@inproceedings{Yueming Sun2012,
  booktitle = {16th International Conference on Evaluation & Assessment in Software Engineering (EASE 2012)},
  title = {Towards evidence-based ontology for supporting systematic literature review},
  author = {Yueming Sun and Ye Yang and He Zhang and Wen Zhang and Qing Wang},
  year = {2012},
  pages = {171--175},
  publisher = {IET},
  doi = {10.1049/ic.2012.0022},
  isbn = {978-1-84919-541-6},
  url = {http://digital-library.theiet.org/content/conferences/10.1049/ic.2012.0022}
}
@inproceedings{Barat2017,
  booktitle = {Proceedings of the 10th Innovations in Software Engineering Conference on - ISEC '17},
  title = {A Model-Based Approach to Systematic Review of Research Literature},
  author = {Souvik Barat and Tony Clark and Balbir Barn and Vinay Kulkarni},
  year = {2017},
  pages = {15--25},
  publisher = {ACM Press},
  doi = {10.1145/3021460.3021462},
  issn = {16130073},
  isbn = {9781450348560},
  city = {New York, New York, USA},
  url = {http://dl.acm.org/citation.cfm?doid=3021460.3021462}
}
@incollection{Gilbert2014,
  booktitle = {Handbook of Research on Educational Communications and Technology: Fourth Edition},
  title = {Tools for analyzing qualitative data: The history and relevance of qualitative data analysis software},
  author = {Linda S. Gilbert and Kristi Jackson and Silvana Di Gregorio},
  year = {2014},
  month = {1},
  pages = {221--236},
  publisher = {Springer New York},
  doi = {10.1007/978-1-4614-3185-5_18},
  issn = {978-1-4614-3184-8},
  isbn = {9781461431855}
}
@inproceedings{Ekaputra2015,
  booktitle = {Proceedings of the 24th International Conference on World Wide Web - WWW '15 Companion},
  title = {Collaborative Exchange of Systematic Literature Review Results},
  author = {Fajar J. Ekaputra and Marta Sabou and Estefan√≠a Serral and Stefan Biffl},
  year = {2015},
  pages = {1055--1056},
  publisher = {ACM Press},
  doi = {10.1145/2740908.2742027},
  isbn = {9781450334730},
  city = {New York, New York, USA},
  url = {http://dl.acm.org/citation.cfm?doid=2740908.2742027}
}
@article{Subramanian2018,
  title = {One-Click Annotation with Guided Hierarchical Object Detection},
  author = {Adithya Subramanian and Anbumani Subramanian},
  year = {2018},
  url = {https://arxiv.org/pdf/1810.00609.pdf}
}
@article{Corti2011,
  journal = {FORUM: Qualitative Social Research},
  title = {CAQDAS Comparability. What about CAQDAS Data Exchange?},
  author = {Louise Corti and Gregory Arofan},
  year = {2011},
  pages = {1--18},
  volume = {12},
  doi = {10.1037/1089-2680.9.2.103},
  issn = {14385627},
  isbn = {1939-1552(Electronic);1089-2680(Print)},
  number = {3}
}
@article{LU2008,
  title = {Rigor and flexibility in computer-based qualitative research: Introducing the Coding Analysis Toolkit},
  author = {CHI-JUNG LU and STUART W SHULMAN},
  year = {2008}
}
@article{Lu2008,
  journal = {International Journal of Multiple Research Approaches},
  title = {Rigor and flexibility in computer-based qualitative research: Introducing the coding analysis toolkit},
  author = {Chi Jung Lu and Stuart W. Shulman},
  year = {2008},
  pages = {105--117},
  volume = {2},
  doi = {10.5172/mra.455.2.1.105},
  issn = {18340814},
  isbn = {1834-0806},
  number = {1}
}